@Book{knuth:84,
  author = 	 {Donald E. Knuth},
  title = 	 {The {\TeX} Book},
  publisher = 	 {Addison-Wesley},
  year = 	 {1984},
  edition = 	 {15th}
}

@InCollection{boulic:91,
  author = 	 {R. Boulic and O. Renault},
  title = 	 {3D Hierarchies for Animation},
  booktitle = 	 {New Trends in Animation and Visualization},
  publisher =    {John Wiley {\&} Sons ltd.},
  year = 	 {1991},
  editor = 	 {Nadia Magnenat-Thalmann and Daniel Thalmann}
}

@InCollection{smith:99,
  author = 	 {A. Smith and B. Jones},
  title = 	 {On the Complexity of Computing},
  booktitle = 	 {Advances in Computer Science},
  pages = 	 {555--566},
  publisher =    {Publishing Press},
  year = 	 {1999},
  editor = 	 {A. B. Smith-Jones}
}

@article{gem5sim,
  title={The gem5 simulator},
  author={Binkert, Nathan and Beckmann, Bradford and Black, Gabriel and Reinhardt, Steven K and Saidi, Ali and Basu, Arkaprava and Hestness, Joel and Hower, Derek R and Krishna, Tushar and Sardashti, Somayeh and others},
  journal={ACM SIGARCH Computer Architecture News},
  volume={39},
  number={2},
  pages={1--7},
  year={2011},
  publisher={ACM}
}

@article{pedronette:06,
  title={Execução Especulativa - Conceitos Gerais e Técnicas},
  author={Daniel Carlos Guimarães Pedronette},
  year={2006},
  school={Universidade Estadual de Campinas - Unicamp},
}

@article{nicacio:06,
  title={Previsão de Desvios},
  author={Daniel Nicácio},
  year={2006},
  school={Universidade Estadual de Campinas - Unicamp}
}

@inproceedings{evers:96,
  title={Using hybrid branch predictors to improve branch prediction accuracy in the presence of context switches},
  author={Evers, Marius and Chang, Po-Yung and Patt, Yale N},
  booktitle={ACM SIGARCH Computer Architecture News},
  volume={24},
  number={2},
  pages={1--11},
  year={1996},
  organization={ACM}
}